<?xml version="1.0" encoding="UTF-8"?><collection xmlns="http://www.loc.gov/MARC21/slim"><record><leader>00529nam--2200193-i-4500</leader><controlfield tag="001">000031794</controlfield><controlfield tag="002">20161230</controlfield><controlfield tag="005">20161230201038</controlfield><controlfield tag="008">060222s1000------------r-----000-0-eng-d</controlfield><datafield ind1=" " ind2=" " tag="020"><subfield code="a">3540588507</subfield></datafield><datafield ind1=" " ind2=" " tag="040"><subfield code="a">IFIN-HH</subfield></datafield><datafield ind1=" " ind2=" " tag="080"><subfield code="a">538.94</subfield></datafield><datafield ind1="1" ind2=" " tag="100"><subfield code="a">Mahler, Gunter</subfield></datafield><datafield ind1="1" ind2="0" tag="245"><subfield code="a">Quantum networks</subfield><subfield code="b">Dynamics of open nanostructures</subfield><subfield code="c">Gunter mahler; volker a. weberruss</subfield></datafield><datafield ind1=" " ind2=" " tag="260"><subfield code="a">Berlin</subfield><subfield code="b">Springer-verlag</subfield><subfield code="c">1995</subfield></datafield><datafield ind1=" " ind2=" " tag="300"><subfield code="a">XV+390P</subfield></datafield><datafield ind1="1" ind2=" " tag="700"><subfield code="a">Weberruss, Volker A</subfield></datafield><datafield ind1=" " ind2=" " tag="852"><subfield code="a">80390</subfield><subfield code="c">539.2</subfield></datafield><datafield ind1=" " ind2=" " tag="CAT"><subfield code="a">Sys</subfield><subfield code="c">20121204</subfield><subfield code="h">160750</subfield></datafield></record></collection>